%======================================================================
%
%	TESTES ESTATISTICOS
%
%======================================================================
@ARTICLE{cit:Mack_Skillings_1980,
  author =       {G. A. Mack and J. H. Skillings},
  title =        {A {F}riedman-type rank test for main effects in a two-factor {ANOVA}},
  journal =      J_AM_STAT_ASSOC,
  year =         {1980},
  volume =       {75},
  number =       {372},
  pages =        {947--951},
}

@ARTICLE{cit:nonparametric_computational_intelligence_information_sciences2010,
  title = "Advanced nonparametric tests for multiple comparisons in the design of experiments in computational intelligence and data mining: Experimental analysis of power",
  journal = INFORM_SCIENCES,
  volume = "180",
  number = "10",
  pages = "2044 - 2064",
  year = "2010",
  issn = "0020-0255",
  author = "Salvador Garc\'{\i}a and Alberto Fernandez and Julian Luengo and Francisco Herrera",
  keywords = "Statistical analysis",
  keywords = "Computational intelligence",
  keywords = "Data mining",
  keywords = "Nonparametric statistics",
  keywords = "Multiple comparisons procedures",
  keywords = "Genetics-based machine learning",
  keywords = "Fuzzy classification systems"
}

@ARTICLE{cit:nonparametric_computational_intelligence_swarm2011,
  title = "A practical tutorial on the use of nonparametric statistical tests as a methodology for comparing evolutionary and swarm intelligence algorithms",
  journal = SWARM_EC,
  volume = "1",
  number = "1",
  pages = "3 - 18",
  year = "2011",
  note = "",
  issn = "2210-6502",
  author = "Joaquï¿½n Derrac and Salvador Garc\'{\i}a and Daniel Molina and Francisco Herrera",
  keywords = "Statistical analysis",
  keywords = "Nonparametric statistics",
  keywords = "Pairwise comparisons",
  keywords = "Multiple comparisons",
  keywords = "Evolutionary algorithms",
  keywords = "Swarm intelligence algorithms"
}

@ARTICLE{cit:friedman_cr_2008,
   author  = {Salvador Garc\'{\i}a  and Francisco Herrera},
   title   = {An Extension on ''Statistical Comparisons of Classifiers over Multiple Data Sets'' for all Pairwise Comparisons},
   journal = J_MACH_LEARN_RES,
   pages   = {2677--2694},
   volume  = {9},
   year    = {2008}
}

@ARTICLE{cit:demsar_2006,
   author  = {Janez Demsar},
   title   = {Statistical Comparisons of Classifiers over Multiple Data Sets},
   journal = J_MACH_LEARN_RES,
   pages   = {1--30},
   volume  = {7},
   year    = {2006}
}

@ARTICLE{cit:friedman_1937,
   author  = {Friedman, M.},
   title   = {The use of ranks to avoid the assumption of normality implicit in the analysis of variance},
   journal = J_AM_STAT_ASSOC,
   pages   = {675--701},
   volume  = {32},
   year    = {1937}
}

@ARTICLE{cit:friedman_1940,
   author  = {Friedman, M.},
   title   = {A comparison of alternative tests significance for problem of m rankings},
   journal = ANN_MATH_STAT,
   pages   = {86--92},
   volume  = {11},
   year    = {1940}
}

@BOOK{cit:conover_1999,
  AUTHOR =       {W. J. Conover},
  TITLE =        {Practical Nonparametric Statistics},
  PUBLISHER =    {Wiley},
  YEAR =         {1999},
  edition =      {3},
}

%======================================================================
